% Encoding: UTF-8


@Book{Gries2021,
  title     = {Statistics for Linguistics with R},
  publisher = {De Gruyter Mouton},
  year      = {2021},
  author    = {Gries, Stefan Th},
}

@Comment{jabref-meta: databaseType:bibtex;}
